<?xml version="1.0" encoding="UTF-8"?>
<collection xmlns:xsi="http://www.w3.org/2001/XMLSchema-instance" xsi:schemaLocation="http://www.loc.gov/MARC21/slim http://www.loc.gov/standards/marcxml/schema/MARC21slim.xsd" xmlns="http://www.loc.gov/MARC21/slim">
<record>
  <leader>00598cam a22002051  4500</leader>
  <controlfield tag="001">3122355</controlfield>
  <controlfield tag="003">NNC</controlfield>
  <controlfield tag="005">20160623143857.0</controlfield>
  <controlfield tag="008">011025s1905    ae            000 0 ara d</controlfield>
  <datafield tag="035" ind1=" " ind2=" ">
    <subfield code="a">(OCoLC)ocm48209392</subfield>
  </datafield>
  <datafield tag="035" ind1=" " ind2=" ">
    <subfield code="9">ATV4634CU</subfield>
  </datafield>
  <datafield tag="035" ind1=" " ind2=" ">
    <subfield code="a">(NNC)3122355</subfield>
  </datafield>
  <datafield tag="040" ind1=" " ind2=" ">
    <subfield code="a">ZCU</subfield>
    <subfield code="c">ZCU</subfield>
  </datafield>
  <datafield tag="099" ind1=" " ind2=" ">
    <subfield code="a">893.796</subfield>
    <subfield code="a">Ib522</subfield>
  </datafield>
  <datafield tag="100" ind1="1" ind2=" ">
    <subfield code="a">Ibn Tūmart, Muḥammad,</subfield>
    <subfield code="d">-approximately 1130.</subfield>
  </datafield>
  <datafield tag="245" ind1="1" ind2="0">
    <subfield code="a">Muwaṭṭaʼ al-Imām al-Mahdī.</subfield>
  </datafield>
  <datafield tag="260" ind1=" " ind2=" ">
    <subfield code="a">al-Jazāʼir :</subfield>
    <subfield code="b">Maṭbaʻat Fūntānah al-Sharqīyah,</subfield>
    <subfield code="c">1323 [1905].</subfield>
  </datafield>
  <datafield tag="300" ind1=" " ind2=" ">
    <subfield code="a">751 p.</subfield>
    <subfield code="c">22 cm.</subfield>
  </datafield>
  <datafield tag="500" ind1=" " ind2=" ">
    <subfield code="a">Cover-date: 1325 A.H. 1907.</subfield>
  </datafield>
  <datafield tag="955" ind1=" " ind2=" ">
    <subfield code="b">CU10162500</subfield>
    <subfield code="d">off,glx</subfield>
    <subfield code="e">893.796 Ib522</subfield>
  </datafield>
</record>
</collection>